@mastersthesis{autoUi,
  title = {Automating User Interfaces for a Multi-way Dataflow Constraint System},
  author = {Karl Henrik Elg Barlinn},
  year = {2022},
  doi = {https://hdl.handle.net/11250/3001144},
  institution = {University of Bergen},
}

@article
  { dslMdcs
  , title = {A domain-specific language for structure manipulation in constraint system-based GUIs}
  , author = {Knut Anders Stokke, Mikhail Barash, Jaakko JÃ¤rvi}
  , journal = {Journal of Computer Languages}
  , volume = 74
  , number = 101175
  , year = 2023
  , publisher = {Elsevier}
  , doi = {10.1016/j.cola.2022.101175}
  , keywords = {GUI programming, Separation of concerns, Rule based systems, Declarative programming, Dataflow constraint systems}
  }
